2548 4544
304 281 448 342 ιιιιι
469 279 525 342 ιι
558 282 770 344 sarusar
865 276 870 290 ·
1023 259 1104 352 ἰι
1195 331 1267 348 ,,

9 451 180 542 bitauiu
232 454 346 524 Anno
366 442 457 543 post
480 446 595 534 editio
617 441 762 546 prodiit
785 387 1027 548 Burmanni,
1038 450 1111 546 qui

8 557 122 628 illo
140 547 313 645 tempore
324 551 374 628 in
392 565 473 620 arte
498 549 622 622 critica
648 573 812 652 regnare,
838 539 907 620 nifi
925 552 1020 640 aliis,
1043 549 1128 621 fibi‘
1165 545 1167 552 ’
1215 549 1217 554 ’

8 681 96 730 nen
118 649 210 751 ipss
221 651 322 725 visus
344 646 403 722 est.
457 651 606 744 Optima
627 652 740 723 etiam
761 676 864 724 nunc
890 653 968 723 eius
993 651 1110 722 editio

8 759 151 831 betur
138 777 220 838 ‚
179 755 298 829 multa
321 753 423 822 enim
444 746 681 842 maculauit,
704 755 856 824 multa
845 769 1110 847 interpretatus

7 855 216 932 felicius.
271 861 350 926 Nec
376 853 500 924 laude
517 854 581 924 su‘a
611 849 903 934 defraudandus¹
912 851 1110 942 Harlefius,
1144 891 1154 908 ι

7 961 29 1032 i
52 957 231 1032 recusam
249 955 457 1030 Burmanni
486 955 691 1030 editionem
715 957 860 1048 netulis
885 953 1113 1026 Bononiensi

7 1063 63 1132 nni
90 1077 206 1154 1493¹
229 1054 419 1152 adscriptis
440 1055 487 1126 'et
514 1055 560 1126 ab
582 1065 614 1129 ιΙ.
634 1064 678 1128 Α.
701 1053 843 1128 Ernesti
872 1056 1113 1152 subpeditatis

9 1161 234 1236 centiorum
252 1157 500 1254 quorumdam
518 1156 744 1276 criticorum
759 1158 984 1256 quibusdam
1002 1160 1114 1230 etiam

6 1287 51 1336 us
75 1257 424 1345 emendationibus,
449 1259 562 1330 auxit.
614 1256 698 1330 Post
722 1277 782 1330 tot
807 1260 1039 1332 eruditonun
1061 1263 1115 1330 la·

6 1389 104 1452 ares,
141 1363 270 1456 plures
301 1379 445 1444 tamen,
481 1360 547 1454 qui
576 1384 724 1431 mecum
752 1361 942 1432 Valerium
975 1379 1113 1464 amant,

6 1489 95 1562 sper
128 1463 245 1536 etiam
267 1455 457 1567 conquesti
480 1460 567 1530 sunt
591 1461 636 1531 de
657 1449 751 1536 locis
777 1461 878 1540 haud
901 1451 1046 1558 paucis,
1071 1464 1115 1534 in

5 1568 113 1638 tibus
140 1557 341 1638 obfenda'sz
368 1579 535 1657 quorum
563 1581 765 1638 numerum
797 1589 844 1635 an
873 1587 943 1662 ego
970 1565 1115 1635 minue·

5 1695 66 1758 m,
98 1666 266 1738 aliorum
290 1662 476 1785 iudicium
491 1657 630 1736 οΓιοι·
693 1702 697 1710 ·
1073 1693 1077 1708 ·

47 1868 151 1957 Sed,
168 1813 272 1964 quiri
300 1889 370 1966 ego
400 1886 482 1938 mea
510 1821 779 1986 qualicurnque·
802 1891 913 1964 opera
938 1857 1120 1964 praeliare

4 1972 195 2058 >lucrina
206 1969 332 2063 paucis
359 1968 469 2038 liceat
493 1975 688 2061 exponere,
740 1975 790 2041 Et
817 1970 1119 2065 primoquidem

5 2075 147 2172 gibus,
181 2091 280 2164 quas
297 2071 371 2139 Cel.
381 2069 548 2162 Ruperti
568 2067 635 2140 fibi
664 2070 813 2166 suisque
836 2072 954 2147 sociis
950 2068 1118 2165 scripfit,

2 2170 326 2288 btemperanduru
353 2166 438 2240 fuit.
499 2175 588 2242 Non
617 2187 700 2240 tarn
726 2168 893 2244 nostrum
920 2171 1136 2243 confilium.
1165 2259 1167 2264 Ι
1215 2177 1218 2182 ’

2 2303 44 2350 cc
64 2271 136 2363 est,
158 2289 203 2345 vt
221 2271 343 2369 grauis
363 2271 566 2346 armaturae
595 2275 882 2346 commentarios
909 2273 1086 2358 demus,
1075 2297 1119 2344 ιιι
1190 2301 1204 2322 ⁴·
1260 2291 1263 2309 ¹

2 2379 123 2450 uibus
153 2372 278 2445 onmis
301 2371 529 2445 venantium
555 2373 763 2446 lectionum
794 2375 902 2470 copia
929 2399 1121 2445 enumere-

2 2507 35 2550 ιι
63 2495 187 2596 atque
208 2474 431 2594 ικιιιιιιιιιιι
461 2474 579 2545 inuno
602 2495 692 2548 vero
712 2475 841 2546 iuuare
861 2476 1046 2554 volumus
1057 2475 1120 2549 vei
1169 2539 1174 2544 .

2 2577 178 2654 rectioris
209 2573 325 2649 animi
357 2573 530 2663 iuuenes,
567 2577 657 2670 qui
668 2575 745 2650 iam
775 2577 1087 2696 aliquantulurn
1076 2599 1120 2648 ιιι

2 2681 100 2754 teris
121 2673 334 2796 preficere,
359 2677 423 2748 ve'l
445 2675 662 2749 maturioris
685 2678 819 2748 aetatis
837 2678 953 2763 viros,
974 2677 1054 2784 qni,
1076 2677 1120 2749 in

3 2785 59 2855 tio
84 2778 252 2850 minime
278 2773 406 2865 otiofi,
433 2775 603 2854 animum
628 2803 674 2849 ex
697 2778 929 2875 grauioribus
953 2777 1118 2896 negotiis

2 2880 155 2956 ucunde
173 2895 290 2976 atque
287 2877 442 2951 utiliter
457 2879 630 2972 recipere,
646 2896 682 2950 et
700 2882 741 2950 in
761 2875 883 2951 finum
903 2881 1138 2967 ιιιιιὶοοιιιιιι,1

2 3009 79 3080 uos
98 2980 201 3054 clim
218 2977 452 3068 adamaffent,
473 2971 698 3076 confugere
703 2980 871 3074 cupiunt.
913 2987 1122 3076 Vtrumque

2 3105 177 3158 actorum
202 3103 320 3178 genus
343 3078 453 3154 facile
477 3079 699 3154 absterretur
722 3101 879 3179 magnae
904 3084 1018 3154 molis
1046 3081 1123 3154 edit·

2 3177 184 3270 ionibus,
209 3180 412 3278 inquibus
434 3177 535 3253 haud
560 3205 662 3270 rara,
692 3181 759 3257 vbi
783 3208 849 3277 per
872 3181 981 3255 filuas
1003 3183 1122 3256 varia*

2 3311 70 3360 ιιιιι
95 3283 309 3357 lectionum
331 3301 373 3354 et
400 3285 711 3404 coniecturarum,
741 3309 807 3378 per
829 3286 1003 3386 argutias,
1033 3300 1123 3355 cun·

2 3387 237 3473 erutiones,
273 3385 453 3458 conuitia
461 3385 565 3456 adeo
600 3386 752 3456 tandem
782 3387 961 3460 eluctatus
993 3381 1122 3471 fueris,

2 3491 88 3561 nhil
112 3504 240 3573 tamen
258 3485 406 3575 habeas,
427 3486 531 3582 quod
546 3486 593 3558 ad
609 3481 892 3584 intelligendos
897 3484 1138 3566 difficiliores

2 3613 98 3662 ocus
102 3588 339 3688 sensurnque
358 3586 623 3683 pulcritudinis
646 3587 896 3660 excitandum
903 3585 1067 3661 faciat.

154 3709 163 3748 ι

65 3799 202 3879 Porro,
227 3789 285 3864 vti
309 3787 452 3908 fingula
469 3787 678 3885 carminum
694 3813 828 3890 genera
852 3791 934 3862 suas
956 3809 1125 3886 quaeque
1151 3842 1153 3848 ,

2 3896 143 3992 ragades
161 3910 311 3990 atque
286 3895 478 3966 cautiones
496 3893 663 3980 habent,
674 3895 726 3962 ita
747 3910 794 3962 et
805 3889 941 3990 singuli
957 3907 1124 3962 auctores

2 4013 77 4067 ιιοιι
97 3993 237 4066 iisdem
262 4007 417 4116 omnes
421 3993 575 4142 legibus
596 3949 845 4067 diiudicandi
861 3951 1126 4102 tractandiqus'
1156 4071 1163 4085 .
