2548 4544
39 218 42 231 '
105 249 215 308 vro
283 213 332 340 ''
388 249 709 306 rroormvuue
742 249 899 330 varran
935 252 1070 307 resecr

165 410 290 511 sugit?
339 396 410 488 'eet
443 433 524 486 non
556 434 688 486 omnes
720 413 848 484 eodem
877 414 973 490 loco
1005 411 1166 486 habendi·

164 515 383 602 imitatores,
407 539 567 611 quorum
587 513 612 584 s1
639 516 704 610 qui
729 513 775 584 ad
796 513 942 585 seruum
967 539 1080 609 pecus
1108 513 1195 586 rese

167 615 263 703 sunt,
287 617 351 686 alii
376 633 501 688 tamen
516 615 687 687 callidius
709 633 837 712 agunt,
861 617 1054 690 materiam
1074 615 1168 710 ap'ud
1202 644 1215 685 2

121 781 125 790 .
165 715 359 790 inuentam
378 717 448 788 alia
465 715 619 788 induere
643 715 775 799 forma,
802 714 1074 812 exqrrisrtiorem

164 821 417 914 maioremque
436 817 666 912 splendorem
690 817 833 902 addere,
862 836 898 889 et
923 841 1104 890 coronam
1123 815 1196 890 vn'

166 919 375 1014 decerptam
399 917 563 990 flosculis
589 915 809 1016 distinguere
828 919 868 990 in
894 915 960 990 suo
985 918 1154 1012 ipsorum
1174 918 1218 986 ln

164 1020 264 1094 natis
287 1018 559 1090 adlaborerunt.
614 1020 682 1090 His
711 1021 878 1090 melioris
898 1037 1009 1092 notae
1034 1019 1219 1090 imitatori·

125 1121 129 1134 ’
166 1123 293 1217 aequi,
325 1119 392 1214 qui
413 1117 569 1219 propius
599 1137 755 1206 norunt,
789 1117 976 1194 Valerium
1004 1120 1148 1194 iudices
1171 1143 1218 1190 ro

164 1222 369 1296 merabunt

241 1425 488 1519 Apollonium
510 1423 636 1524 igitur,
664 1424 794 1512 fateor,
819 1425 861 1496 in
886 1427 1014 1518 primis
1045 1426 1210 1518 sequutus

62 1565 65 1574 .
165 1528 332 1598 Valerius
361 1528 403 1598 in
429 1527 568 1598 summa
587 1529 777 1612 carminis,
807 1545 957 1622 totaque
986 1525 1228 1619 descriptione.

165 1627 398 1710 oeconomia,
425 1650 494 1698 nec
518 1630 617 1698 inea
647 1645 790 1698 circitare
816 1629 957 1722 aliquid
976 1629 1038 1700 vel
1057 1627 1196 1721 p'otuit,
1227 1666 1230 1683 ι

165 1727 305 1813 debuit,
318 1727 583 1822 vituperandus
603 1727 705 1814 adeo,
730 1727 756 1796 fi
773 1730 872 1800 secus
889 1727 1035 1800 fecisset.
1089 1723 1190 1798 Histo
1220 1774 1221 1781 κ

164 1827 414 1924 expeditionis
440 1829 711 1926 Argonauticae
739 1831 853 1923 ipsam
880 1846 1082 1916 nouerat,
1116 1826 1210 1925 quod

37 1983 48 1999 .
165 1931 370 2023 Apollonio
395 1929 608 2016 desumeret,
640 1955 751 2025 quam
781 1955 827 2002 ex
848 1955 1087 2026 quormmque
1111 1931 1197 2014 alio,
1228 1948 1230 1951 ’

167 2028 293 2102 destris
325 2031 435 2100 etiam
470 2030 651 2120 orationis
679 2049 846 2116 auctore,
880 2049 1002 2126 petere
1027 2029 1155 2125 posset
1226 2028 1231 2053 ³

148 2134 205 2232 ,³¹¹
233 2133 374 2202 itineris
400 2129 508 2202 sociis
541 2133 593 2202 ita
616 2132 741 2226 presso
770 2133 863 2228 pede
885 2134 1061 2226 sequutus
1091 2128 1160 2213 est3
1197 2153 1217 2198 n

151 2258 247 2306 mon
279 2233 410 2304 eodem
448 2257 577 2305 omnes
615 2233 744 2304 ordine
772 2251 978 2320 enumerat,
1010 2233 1075 2304 sed
1112 2233 1231 2326 prim

163 2359 276 2432 quem
286 2333 514 2428 Apollonius
528 2336 675 2430 Orpheo
692 2334 870 2404 tribuerat
885 2337 1025 2418 locum,
1052 2329 1235 2406 NosterH

163 2437 240 2508 culi
264 2433 438 2534 adsignat,
461 2437 670 2507 nonnullos
689 2437 800 2505 etiam
823 2435 944 2516 habet,
972 2459 1067 2530 quus
1096 2435 1163 2506 ille
1180 2433 1230 2528 ign

161 2557 238 2621 rat,
267 2537 396 2632 Iphin,
437 2537 680 2608 Philocteteus
708 2555 743 2606 et
766 2538 1055 2620 Deucalionem,
1087 2537 1127 2606 in
1151 2531 1226 2630 quib

162 2640 360 2734 Hyginum
380 2655 568 2710 auctorem
592 2638 731 2708 habuit.
785 2643 828 2708 ln
857 2655 988 2708 tenore
1006 2661 1121 2732 porro
1142 2635 1236 2705 itine

40 2751 45 2764 '
162 2737 376 2811 eTheslalia
396 2739 438 2810 in
452 2739 664 2810 Colchidem
690 2739 787 2808 nihil
811 2739 1032 2808 mutandum
1064 2733 1157 2809 suit:
1188 2751 1235 2808 vt·

106 2907 113 2912 .
161 2865 234 2936 que
250 2840 365 2922 ,haber
384 2847 583 2925 Lemnum,
606 2843 877 2923 Samothracen,
895 2838 1085 2929 Cyzicrun,
1104 2845 1225 2929 Cyane

160 2943 202 3013 in
223 2938 374 3035 singulis
404 2957 528 3012 tamen
543 2939 680 3018 fluuiis,
707 2941 987 3035 promontoriis,
1012 2939 1196 3034 oppidulis
1211 2929 1256 3006 all·

161 3042 312 3140 quando
329 3037 514 3112 differunt.
544 3040 790 3125 ·Omnino,s1
811 3043 894 3137 quis
916 3035 1255 3112 familiaritatemali·

161 3168 274 3242 quam
298 3165 383 3212 cum
406 3161 564 3238 vtroque
586 3161 696 3238 poeta
730 3144 970 3229 contraxerit,
1003 3143 1036 3214 is
1063 3164 1202 3212 mecum
1218 3131 1255 3203 st·

161 3247 232 3318 cile
252 3241 467 3336 consentiet,
490 3245 604 3339 longe
617 3245 729 3316 aliam
749 3246 851 3339 saepe
872 3245 971 3317 viam
993 3243 1140 3340 ingredi
1159 3255 1255 3312 ratem

160 3354 383 3422 Romanum.
436 3342 611 3418 Conferat
634 3346 729 3416 mihi
751 3347 884 3440 aliquis
907 3347 968 3417 vel
993 3345 1154 3438 primum
1167 3335 1256 3432 Apol·

160 3447 258 3524 lonii
281 3447 439 3532 librum,
458 3462 502 3516 'et
521 3439 629 3538 plura
653 3443 848 3540 copiosius,
875 3448 1023 3540 alioque
1043 3448 1152 3540 plane
1166 3435 1253 3511 modo

160 3549 348 3619 Valerium
372 3545 526 3620 narrasse
551 3547 728 3624 inueniet.
781 3549 840 3618 Sic
869 3573 889 3618 a
913 3549 1074 3619 Chirone
1099 3552 1252 3616 Centauro

116 3627 140 3666 ‘
160 3651 345 3726 Achillem
361 3646 577 3744 puerulum,
592 3693 594 3698 ,
608 3664 650 3720 vt
678 3647 892 3719 abiturienti
912 3650 1006 3742 patri
1027 3649 1113 3720 vale
1134 3645 1251 3716 diceret,

160 3751 358 3822 aduectum
386 3745 473 3819 sistit
502 3767 675 3845 vterque,
709 3747 760 3818 ita
789 3767 931 3833 tamen,
966 3767 1008 3820 vt
1041 3773 1119 3820 rem
1149 3741 1252 3816 leuiter

160 3868 290 3946 tangat
307 3849 532 3942 Apollonius
552 3875 584 3936 t,
601 3871 672 3938 555
691 3849 739 3944 sq.
791 3852 941 3922 Flaccus
964 3867 1093 3922 contra
1116 3847 1250 3920 animum

159 3949 309 4052 paruuli
340 3949 520 4044 puerilem
559 3950 703 4048 egregie
734 3951 864 4048 pingat
898 3953 1031 4040 1,266.
1071 3951 1143 4044 ,Sic
1166 3945 1249 4041 pietr-
