2548 4544
75 257 77 264 ·
162 241 207 296 rr
382 225 620 298 erocum-vu
652 231 701 288 nr
730 182 1079 322 vrrrrtrjrrr'ecr·

161 397 392 478 adumbratas
421 393 648 482 inuenisset,
675 393 775 482 aliis,
818 393 887 490 qui
916 391 1167 489 splendidiores
1187 389 1236 466 R

160 500 459 594 ardentioresque
478 498 712 581 viderentur,
739 495 932 571 coloribus
954 490 1230 592 distinguunt!
1254 529 1255 562 1

160 606 229 694 elia
246 599 407 696 episodia
425 596 772 686 comminisceretur,
788 616 831 672 vt
850 595 1026 694 personas
1048 594 1224 692 aliter*
1255 614 1256 617 ’

144 702 232 790 tes,
274 702 381 784 aliter
415 702 632 795 loquentes=
655 699 856 772 induceret.
914 705 991 770 Nec
1017 715 1154 770 'tamen
1176 690 1228 779 ἡ

57 827 61 834 “
111 806 113 814 ’
155 802 353 900 pendetnb
371 801 467 888 aliis,
491 818 526 872 et
545 823 637 896 quae
657 791 718 874 su'a
736 793 847 895 ipsius
866 801 968 885 sumt,
983 796 1243 897 ingeniumpj

156 907 252 978 dunt
283 904 382 978 baud
419 901 748 976 contemnendum.
809 907 864 976 Ita
895 902 999 986 enirn
1033 918 1121 995 epte
1152 896 1238 976 oms·

156 1004 363 1096 connectit,
397 1001 544 1112 epicam,
565 1003 617 1074 ita
641 1000 1069 1100 grauitatem-sectatur,
1102 1003 1241 1072 obruto·

154 1133 213 1182 res
230 1107 480 1206 personarum
505 1121 632 1176 tuetur
657 1104 866 1202 diligenter,
900 1123 937 1176 et
961 1103 1084 1175 animi
1107 1118 1244 1174 motum

122 1297 125 1304 .
155 1206 481 1302 exprimendorurn
499 1205 552 1277 ita
576 1203 711 1284 artifex
735 1201 797 1294 est,
820 1223 874 1294 vt,
897 1199 991 1280 fi‘ab
1017 1229 1098 1280 vno
1119 1205 1249 1275 alterout

154 1307 304 1382 moroso
328 1308 444 1384 nimie
469 1331 512 1378 ac
536 1303 829 1382 difficiliiudice
851 1301 1065 1393 discesseris,
1093 1304 1138 1375 ab
1160 1301 1250 1374 omni·

154 1411 225 1490 bus
249 1412 372 1484 omnis
402 1409 529 1480 aetatis
555 1409 794 1505 ingeniorum
828 1409 956 1504 peritis
989 1401 1253 1478 aestimatoribus

153 1519 264 1609 poete
279 1507 578 1608 elegantissimus,
597 1527 634 1580 et
652 1508 844 1608 aVirgilio
862 1509 1046 1584 secundus
1067 1499 1253 1580 habitarit

36 1775 39 1788 .
226 1712 332 1784 Vnde
355 1711 459 1799 vero,
486 1729 637 1807 quaerat
663 1710 810 1806 aliquis,
835 1709 989 1799 faemrn,
1021 1729 1069 1784 vt
1092 1727 1255 1806 tantopere

131 1903 135 1913 Ι
154 1815 346 1908 neglectus
371 1809 531 1892 iaceret?
581 1814 707 1884 Nimia
731 1812 915 1884 nimirum
936 1813 1135 1885 doetrinae
1158 1836 1199 1882 ex
1215 1809 1251 1876 iu·

158 1913 359 2004 terioribus
384 1913 643 2009 mythologiae
670 1914 792 2006 adytis
824 1915 1041 2009 depromtae
1064 1909 1255 1990 venditatio,

156 2016 452 2108 comparationes
475 2014 574 2086 haud
602 2040 687 2088 raro
712 2016 867 2112 longius
891 2017 1049 2110 petitae,
1086 2014 1180 2086 ordo
1202 2033 1255 2082 ver·

154 2116 292 2187 horum
320 2117 425 2208 saepe
455 2112 683 2212 perplexior,
717 2116 911 2187 concisum
949 2141 1065 2210 porro
1109 2134 1148 2187 et
1172 2109 1256 2184 nin'

156 2217 358 2311 abrupttrm
380 2217 565 2312 loquendi
588 2241 725 2314 genus,
752 2216 1004 2288 obscuriorem
1026 2215 1178 2288 faciunt
1198 2231 1255 2284 eun

153 2318 421 2410 intellectuque
443 2313 641 2388 difficilem.
693 2324 837 2390 Haecce
858 2315 1099 2415 singulorum
1117 2320 1200 2390 loco
1239 2346 1250 2369 τ·

152 2419 245 2497 vitia
261 2418 429 2489 Valerius
453 2417 541 2511 ipse,
563 2414 591 2488 sr
617 2418 790 2490 vltimam
813 2420 945 2490 limam
967 2417 1149 2490 adhibere
1171 2411 1231 2514 pos
1239 2446 1242 2451 ¹

71 2513 77 2530 ’
153 2519 315 2598 rioribus
339 2517 380 2590 in
410 2519 542 2612 primis
571 2518 679 2592 libris
711 2545 777 2613 per
807 2537 965 2591 aetatem
995 2519 1178 2606 licuisset,
1207 2513 1256 2586 liu

154 2620 270 2692 dubio
303 2620 586 2707 emendaturus,
623 2621 852 2715 molliusque
883 2623 1004 2692 multa
1035 2623 1254 2716 eloquutmut

152 2718 286 2792 suisset.
310 2719 450 2802 ,Haud
480 2743 595 2813 pauca
624 2723 737 2792 etiam
766 2747 851 2797 non
876 2719 990 2816 ipfius
1023 2739 1164 2817 poetae
1188 2719 1255 2796 suas·

153 2819 216 2890 sed
235 2819 394 2891 librariis
416 2819 611 2908 debentur,
638 2847 735 2918 quos
759 2821 976 2894 oscitantiae
995 2837 1113 2916 atque
1129 2815 1254 2916 stuporis

154 2921 331 3018 conuinci
355 2919 453 3013 posse
481 2919 675 2994 certissime
698 2923 887 3017 persuasus
910 2926 1010 3008 sum,
1033 2922 1063 2992 li
1085 2925 1209 3019 plures
1228 2911 1254 2984 tl

152 3017 316 3090 nostram
329 3038 486 3090 aetatem
507 3023 654 3096 codices
673 3024 932 3119 peruenissent.
984 3029 1073 3096 Non
1106 3020 1253 3096 inmeriti

152 3118 270 3217 igitur
295 3121 371 3191 iarn
397 3121 464 3190 suo
486 3139 658 3218 ¹tempore
679 3122 827 3222 questus
848 3121 898 3198 est
920 3131 977 3197 Io.¹
991 3129 1050 3196 Fr.
1068 3120 1254 3196 Gronovius

17 3307 18 3312 Ἰ
152 3222 195 3292 in
218 3222 373 3318 Sylloge
401 3218 594 3314 Epistolar.
610 3251 651 3296 a
684 3226 774 3299 viris
809 3223 1027 3300 inlustribus
1065 3227 1253 3322 scripturus

153 3327 197 3390 T.
208 3344 243 3406 3.
269 3339 402 3417 p.419.
422 3319 564 3422 infinito
587 3329 623 3398 in
637 3330 785 3399 Valerio
807 3323 873 3430 effe
889 3329 1128 3425 remigando,
1153 3345 1189 3398 et
1199 3320 1250 3394 Nic

155 3421 328 3494 Heinsius
348 3423 440 3492 ibid.
466 3430 509 3494 Τ.
522 3445 556 3513 4,
582 3427 668 3498 nibil
689 3419 740 3526 est
766 3431 982 3523 inquinatius
1001 3420 1251 3527 miserrimth·

154 3521 265 3602 leri03
291 3541 327 3592 et
347 3547 591 3617 quamquam,
626 3531 693 3622 qui
711 3529 883 3622 pluribus
909 3530 1031 3624 poetis
1056 3528 1199 3600 Latinis
1215 3519 1251 3614 ,ss

153 3620 314 3690 nitatem
333 3619 547 3714 celtituisset,
572 3628 673 3698 idem
696 3627 871 3700 Heinsius
895 3630 941 3702 de
957 3631 1106 3702 Valerio
1130 3626 1248 3700 meriste

156 3715 206 3787 est
234 3724 436 3812 praeclare,
473 3719 719 3804 llsarlrlarrdits
752 3749 877 3800 tamen
908 3730 951 3800 in
981 3733 1052 3828 Ep.
1082 3729 1200 3802 critica
1220 3713 1246 3784 nl

153 3821 325 3906 Herium,
348 3826 603 3924 cantabrigiae
622 3851 716 3916 1723
739 3831 849 3917 edita,
877 3831 1052 3902 eumdem
1075 3831 1245 3902 ηιιυιιῖονῑϋἸ

154 3922 268 3999 Qumis
281 3925 421 4018 generis
435 3923 640 4025 tlrcstrurrrm
653 3925 959 4030 locuplctrffonum
980 3913 1244 4032 adpelleselrd
