2548 4544
204 265 227 325 “-
345 273 463 364 “vrri
486 289 538 348 tr
570 289 762 347 casurus.
798 317 822 372 ¹.
1070 283 1125 360 ri»
1197 264 1203 276 ’

64 444 310 545 Hyplipyles'
334 448 513 526 Lemniae
535 453 575 522 in
600 472 742 547 patrem
757 453 966 526 Thoantem
987 461 1115 551 paucis
1139 459 1146 473 ⁴

49 575 131 622 um
175 551 307 626 verbis·
336 553 399 622 ali·
395 555 677 648 ¹Apollonio,
646 581 658 624 1
700 551 846 652 dnosq.
866 581 1115 634 memoratam·

70 678 93 724 s
128 656 313 746 exponit
322 655 497 726 Valerius
526 610 724 772 414514.
772 659 910 729 Eadem
938 659 1034 730 ratio
1064 661 1113 734 ut

15 751 151 840 ltristi
183 754 432 850 regileyzici
460 757 588 844 caede,
615 757 668 827 in
706 785 778 854 qua
817 759 1049 838 describenda
1074 763 1116 832 id

14 835 87 926 ille
109 858 344 927 Romanum
357 874 479 928 vatem
506 811 672 950 adparet,
698 877 746 930 vt
767 867 948 931 Graecum
966 859 1117 932 adfecti

13 959 36 1028 's
63 958 281 1028 mouendis
303 957 497 1051 superaret.
533 960 632 1030 Aliis
654 977 783 1030 contra
802 963 907 1045 loeis,
930 960 956 1031 fi
976 975 1125 1036 rtrum¹

12 1081 44 1128 re
63 1056 262 1145 conferas,
280 1058 489 1130 breuiorem
504 1060 684 1132 Latinum
702 1063 951 1156 deprehendes
966 1070 1135 1135 Graece..

57 1251 307 1359 Quaequum
325 1263 377 1332 ita
403 1259 485 1349 lint,
513 1264 632 1334 oculis
654 1264 805 1358 quidem
824 1264 962 1361 vbique
987 1267 1117 1338 obuer·
1204 1342 1207 1358 ,

12 1381 102 1433 tum
137 1362 250 1434 fuiss'e
275 1364 422 1434 Valerio
448 1365 694 1458 Apollonium
722 1366 848 1461 negari
878 1393 957 1438 non
983 1365 1116 1462 potestt

8 1483 64 1534 int
82 1465 184 1537 adeo
205 1467 286 1536 loca
313 1464 414 1534 haud
435 1487 562 1558 pauca,
589 1467 630 1535 in
660 1465 796 1561 quibus
818 1467 864 1538 ad
882 1469 993 1539 verba
1018 1471 1118 1538 huno

7 1570 37 1636 le
64 1567 256 1662 sequutus
275 1561 342 1647 est3
367 1591 474 1660 quae·
498 1565 563 1638 vbi
581 1563 626 1640 ad
644 1563 927 1638 inlustrandum
934 1541 1118 1640 obl'durio-

6 1693 52 1737 m
69 1669 211 1740 locum
230 1665 402 1754 facerent,
428 1667 567 1770 vbique
585 1665 660 1738 fere
679 1667 829 1738 adduxi.
881 1675 955 1755 Et,
967 1695 1014 1740 ne
1033 1671 1116 1768 quis
1166 1675 1169 1684 “

5 1769 103 1840 mio
128 1793 194 1838 me
217 1793 292 1870 mer
281 1755 443 1839 Valerii
468 1790 592 1839 amore
616 1767 819 1887 altreptunr
836 1789 951 1866 putet,
972 1795 1051 1842 non
1070 1771 1117 1866 ad
1173 1825 1190 1852 ,

3 1867 186 1987 pollopii
207 1885 374 1954 tantum,
399 1868 459 1940 sed
475 1869 655 1965 Virgilii
646 1895 685 1940 m
711 1871 840 1964 primis
866 1874 1086 1968 exemplar
1075 1897 1117 1944 1n

4 1972 179 2043 ntentii‘s
216 1970 437 2066 dicendique
473 1969 647 2044 formulis
680 1968 834 2068 singulis
869 1973 940 2043 sese
969 1999 1117 2067 compa·
1208 2042 1211 2056 ,

1 2077 91 2158 ruit,
129 2095 203 2142 neo
242 2072 401 2142 aliorum
430 2077 670 2162 Graecorum,
708 2071 867 2148 Homeri
893 2076 1117 2173 praesertim,
1142 2078 1154 2118 ‘¹

4 2172 149 2298 ·stigiis
174 2173 311 2272 spreuit
333 2169 502 2247 insistere.

48 2377 151 2450 Fuit
184 2378 255 2448 hoo
283 2349 458 2448 imitandi
484 2373 646 2448 studium
682 2373 923 2472 adfiduaeque
948 2380 1118 2473 pn'orum

1 2499 189 2569 oetarum
220 2479 396 2550 lectionis
430 2476 624 2550 ostentatio
655 2476 832 2551 omnibus
854 2480 958 2550 illius
989 2483 1117 2552 aetatis

1 2582 106 2653 oetis
130 2582 355 2652 communis.
410 2582 471 2650 Vti
498 2582 603 2660 enim
622 2579 884 2662 Alexandrini,
908 2581 950 2650 in
981 2580 1117 2676 quibus
1153 2649 1156 2660 ,

28 2682 283 2780 Apollonius,
307 2683 608 2754 Ptolemaeorum
628 2697 780 2751 aetates
801 2677 1031 2774 simplicitate
1051 2682 1118 2753 illa
1193 2745 1196 2752 .

0 2784 207 2855 omerica
225 2782 475 2865 discellerant3
512 2785 564 2872 (v.
591 2787 725 2872 Heyne
759 2780 903 2852 Prolus
929 2783 975 2853 de
1004 2786 1117 2880 genio
1150 2826 1153 2834 ·

0 2886 123 2956 eculi
142 2885 424 2956 Ptolemaeor.
413 2909 454 2954 tn
475 2883 608 2978 Opuso
620 2882 731 2952 acad.
754 2884 838 2953 Vol.
853 2909 882 2954 r.
908 2909 943 2977 p.
949 2889 1038 2976 76)
1064 2884 1118 2954 ita

13 2982 117 3057 atini
140 2986 404 3078 proprietatem
428 2983 609 3056 sermonis
633 2983 925 3078 facilitatemque
946 2986 1118 3082 Virgilia-
1155 3007 1161 3018 ·

8 3113 71 3158 am
93 3085 300 3158 deserentes
326 3085 481 3157 mirifice
504 3083 571 3156 fibi
596 3082 824 3180 placuerunt„
846 3082 873 3154 li
894 3087 1006 3158 altius
1031 3111 1119 3165 euo-¹

0 3215 78 3277 re,
110 3185 240 3258 omnia
269 3186 310 3257 in
333 3187 454 3259 maius
478 3181 623 3273 efferre,
653 3185 868 3282 prioresque
900 3184 980 3280 post
999 3188 1039 3257 te
1063 3212 1121 3258 re·
1215 3193 1219 3210 ⁸
1263 3211 1264 3218 ¹

0 3325 2 3350 ι
40 3313 159 3386 quere
188 3285 255 3357 fibi
278 3287 504 3361 viderentur.
554 3289 665 3358 Plura
683 3284 714 3356 lt
737 3286 826 3357 scire
848 3287 895 3357 de
919 3290 987 3358 hac
1012 3288 1119 3358 illius

1 3391 116 3473 ‚etatis
143 3388 229 3461 labe
254 3392 378 3484 cupis,
416 3391 502 3463 vide
526 3386 571 3459 fis
598 3395 626 3458 Is
644 3393 682 3461 Ο.
699 3393 740 3458 6.
758 3383 899 3458 Ernesti
929 3409 1134 3459 commem·

1 3495 149 3564 stiones
178 3491 267 3563 duas
300 3493 345 3562 de
372 3491 598 3562 elocutionis
633 3507 828 3583 poetarum
855 3504 1023 3559 veterum
1047 3495 1118 3559 La·

1 3596 159 3664 inorurn
172 3593 322 3663 luxurie
334 3593 435 3688 Lips.
454 3612 559 3677 ¹8⁰2·
580 3590 706 3661 editas.
745 3589 811 3658 Nil
830 3589 945 3683 igitur
964 3591 1115 3677 mirum,
1141 3666 1149 3679 ⁵

35 3694 208 3766 Valerius
240 3697 352 3766 etiarn
379 3695 608 3763 imitatorem
641 3707 781 3787 ageret,
823 3688 874 3757 ita
898 3707 1041 3777 tamen,
1075 3709 1118 3763 vt

1 3821 52 3865 ‚uo
71 3792 184 3888 ipfius
207 3795 350 3870 iudicio
373 3811 548 3879 vteretur,
571 3811 623 3878 vt,
649 3815 739 3887 quas
760 3791 940 3862 memoria
964 3809 1115 3880 teneret,

6 3897 185 3967 ententias
205 3895 461 3992 loquendique
481 3893 664 3965 formulas
682 3891 728 3962 ad
748 3891 851 3980 suam
870 3917 949 3962 rem
968 3895 1117 3964 adcom-

30 3997 167 4087 odoret,
190 4013 239 4088 vt
254 3998 541 4098 imagunculas„
561 4017 653 4094 quas
675 3993 809 4092 primis
833 4010 982 4070 tantum
1002 3993 1116 4070 lineis
