2558 4544
265 161 799 310 inconsummatiovlli'.
864 275 865 282 Ν
1004 239 1116 312 eoa·
1188 293 1189 298 Ν

9 390 126 472 gius,
152 405 185 458 et
206 389 331 452 cunctis
350 389 541 450 redeuntem
567 387 729 466 ostendere
747 393 849 456 terris.

9 523 132 564 :enus
158 503 235 562 inde
257 504 336 562 alios
347 500 492 564 flectunt
513 523 680 588 regesque
689 507 878 587 locosque,
968 485 971 489 ’
1042 488 1101 572 aoe
1129 481 1131 489 ,

9 631 214 699 metumque
233 631 349 696 petunt
371 591 515 698 plaustris
536 620 774 702 migrantibus'
771 603 900 702 aequor.

12 727 263 814 uppeprocul
259 726 404 791 summa
426 730 552 812 vigilis
560 730 629 814 post
650 747 736 816 terga
757 733 899 816 magistri
942 795 945 810 ,
1038 747 1040 754 ’

9 843 124 904 serat
142 855 269 902 auratae
291 845 428 926 genibus
450 845 565 905 Medea
586 843 773 920 Minervae;
861 865 863 876 ’

9 979 73 1038 ue
96 957 147 1016 ibi
170 941 293 1022 deiecta
313 957 483 1020 relidens
475 978 511 1018 tn
533 958 658 1019 lumina
679 961 763 1041 palla
860 963 862 972 ⁴

11 1071 81 1130 bat
106 1041 224 1143 adhuc,
246 1088 447 1167 quamquam
465 1071 656 1132 Haemoniis
679 1091 754 1132 cum
773 1071 902 1170 regibus
926 1071 997 1172 iret,
1023 1091 1099 1147 τος
1167 1131 1170 1142 ,

9 1205 36 1244 a
64 1200 207 1258 tamen,
210 1183 271 1243 nec
296 1186 444 1270 coniugii
466 1182 573 1246 secura
596 1181 707 1246 suturi.

9 1320 58 1358 m
86 1296 260 1382 Sarmatici
281 1295 470 1362 miserantur
492 1298 587 1359 litora
603 1298 723 1380 *ponti3

44 1399 241 1470 Thoanteae
265 1412 380 1471 transit
403 1410 518 1472 delleta
540 1412 673 1473 Dianae.

16 1526 69 1586 lla
94 1526 209 1606 palus,
231 1523 340 1584 nullus
363 1523 514 1601 Scythiae
534 1543 603 1584 non
624 1534 748 1584 moeret
770 1536 901 1582 euntem

9 1640 109 1707 ruis3
132 1628 356 1718 Hyperboreas
380 1640 486 1698 mouit
507 1607 677 1724 conspecta
698 1638 841 1719 pruinas,
911 1655 916 1666 “
1040 1659 1105 1702 -210

9 1766 34 1810 ·t
63 1748 165 1810 modo
188 1765 286 1831 regna
307 1763 439 1823 tenens;
461 1747 517 1834 ipsi
538 1765 669 1834 quoque
690 1765 857 1812 murmura
878 1761 1009 1830 ponunt

9 1885 37 1922 n
65 1863 209 1939 Minyae,
235 1862 299 1940 iam
321 1858 407 1922 ferre
428 1863 555 1926 volunt.
599 1865 660 1923 Vix
683 1861 811 1927 adleuat
830 1880 886 1932 ora
931 1858 943 1930 ,¹

9 1975 20 2032 l
47 1974 143 2046 seras,
166 1961 365 2060 liquando,l
377 1974 484 2057 dapes,
506 1995 585 2060 quas
608 1955 701 2038 carus
722 1972 819 2063 'lason

15 2089 48 2148 se
69 2090 175 2158 (labat,
196 2089 260 2149 iam
280 2086 461 2151 nubiferam
485 2093 618 2152 transire
641 2089 825 2179 Carambin.

9 2200 183 2286 gnificans,
205 2203 269 2262 iam
292 2222 389 2285 regna
410 2205 499 2280 Lyci,
522 2177 707 2286 totiensque
727 2214 912 2286 gementem
1048 2229 1083 2272 21
1089 2226 1105 2284 ς

9 2315 88 2382 ellit,
108 2314 146 2376 ad
169 2314 370 2406 Haemonios
391 2317 538 2380 hortatus
557 2287 682 2404 surgere
702 2328 842 2376 montes.

28 2424 128 2486 lnsula
151 2429 346 2494 Sarmaticae
367 2429 475 2492 Peuce
493 2429 550 2491 stat
570 2429 712 2524 nomine·
726 2429 909 2511 Nymphae,

9 2539 113 2602 'oruus
133 2542 191 2603 vbi
215 2553 248 2602 et
268 2541 339 2625 ripa
357 2539 484 2626 semper
503 2543 699 2623 metuendus
718 2556 854 2626 vtraque
905 2614 908 2626 ,

9 2673 26 2710 n
52 2651 126 2715 freta
148 2674 205 2736 per
229 2653 340 2718 saeuos
363 2654 466 2718 Hister
488 2655 655 2733 descendit
671 2655 799 2717 Alanos.

9 2758 117 2828 oluere
139 2768 174 2826 in
195 2768 259 2830 hoc
277 2751 409 2836 tandem
433 2768 549 2831 resides
570 2747 635 2832 dux
655 2770 749 2854 litore
771 2784 875 2835 curas,
899 2765 904 2772 ’

11 2901 29 2940 e
50 2882 196 2963 primum
222 2876 441 2966 'socios'ausus
465 2881 520 2945 sua
539 2895 632 2967 pacta
656 2879 774 2944 docere
864 2889 865 2897 ’

9 2992 237 3078 romissamque
259 2993 357 3064 fidem
381 2995 516 3056 thalami
539 2994 718 3076 foedusque
741 2993 858 3076 iugale

9 3110 78 3171 ltro
98 3127 213 3180 omnes
235 3110 310 3170 laeti
331 3106 484 3192 instigant
504 3109 717 3211 meritamque
739 3105 899 3180 laternum

9 3219 57 3302 pse
80 3237 189 3284 autem
210 3223 333 3286 inuitae
355 3223 422 3282 iam
441 3202 587 3284 Pallados
610 3223 706 3306 erigit
725 3239 802 3288 aras,

9 3336 107 3418 ncipit
128 3335 246 3398 Idaliae
272 3355 399 3424 numen
420 3354 481 3397 nec
503 3333 651 3418 spernere
670 3335 816 3396 Divae.

9 3449 230 3532 ’raecipueque
250 3447 311 3522 sui,
333 3451 354 3512 li
375 3447 549 3533 quando,
540 3466 576 3506 rn
598 3461 744 3530 tempore
765 3443 877 3528 pulcer

9 3557 148 3644 >oningii
169 3561 298 3641 Minyas
319 3581 499 3647 numquam
517 3543 621 3644 magia
642 3561 764 3624 eminet
786 3558 888 3628 inter,

9 3671 107 3752 lutis
129 3673 304 3765 sanguineo
325 3678 432 3738 victor
455 3672 615 3735 Gradivus
636 3671 675 3736 ab
697 3671 808 3744 Hebro
857 3725 861 3734 ,

11 3785 130 3848 delium
155 3785 240 3852 furto
261 3787 348 3852 subit
368 3800 424 3852 ant
448 3786 564 3848 dilecta
585 3786 743 3866 Cythera3

9 3897 187 3986 iensquum
212 3901 361 3966 coelestes
382 3901 512 3966 Alcidae
533 3899 673 4000 inuiserp
693 3895 820 3960 mensas

9 4011 65 4074 lam
84 4029 186 4087 vacat,
209 4029 242 4078 et
261 4014 377 4083 fessum
397 4017 535 4082 Iunonia
557 4012 695 4080 sustinet
713 4013 817 4076 Hebe.
